Symbol,Timestamp,Price,Size,Exchange,Type
MSFT,2021-03-05 10:00:00.123,228.5,120,NYSE,Ask
MSFT,2021-03-05 10:00:00.123,228.4,110,NASDAQ,Bid
MSFT,2021-03-05 10:00:00.133,228.5,120,NYSE,TRADE
MSFT,2021-03-05 10:00:00.134,228.5,120,NYSE_ARCA,Ask
MSFT,2021-03-05 10:00:30.549,229.79,130,NYSE_ARCA,Ask
MSFT,2021-03-05 10:00:01.707,228.21,100,NYSE,TRADE
MSFT,2021-03-05 10:00:41.240,229.4,110,NYSE,Bid
MSFT,2021-03-05 10:00:43.598,229.25,110,NYSE,Bid
MSFT,2021-03-05 10:00:20.896,229.03,110,NYSE,Ask
MSFT,2021-03-05 10:00:02.525,228.33,120,NYSE,Ask
MSFT,2021-03-05 10:00:44.121,228.57,130,NASDAQ,Bid
MSFT,2021-03-05 10:00:05.784,228.31,120,NYSE,Ask
MSFT,2021-03-05 10:00:10.029,228.57,120,NASDAQ,Bid
MSFT,2021-03-05 10:00:50.507,229.85,100,NASDAQ,Ask
MSFT,2021-03-05 10:00:57.509,229.54,100,NYSE_ARCA,Bid
MSFT,2021-03-05 10:00:42.527,228.4,120,NASDAQ,Ask
MSFT,2021-03-05 10:00:11.786,229.66,130,NYSE,TRADE
MSFT,2021-03-05 10:00:55.655,228.41,120,NYSE,Bid
MSFT,2021-03-05 10:00:17.594,228.96,100,NYSE,Bid
MSFT,2021-03-05 10:00:00.645,229.45,130,NYSE_ARCA,TRADE
MSFT,2021-03-05 10:00:44.539,228.28,120,NYSE_ARCA,TRADE
MSFT,2021-03-05 10:00:56.303,229.29,110,NYSE,Bid
MSFT,2021-03-05 10:00:22.824,228.38,100,NASDAQ,Ask
MSFT,2021-03-05 10:00:30.830,229.11,130,NASDAQ,TRADE
MSFT,2021-03-05 10:00:59.626,228.21,100,NYSE_ARCA,TRADE
MSFT,2021-03-05 10:00:22.754,228.13,130,NASDAQ,Ask
MSFT,2021-03-05 10:00:24.028,228.4,130,NYSE_ARCA,TRADE
MSFT,2021-03-05 10:00:42.294,229.17,100,NYSE,Bid
MSFT,2021-03-05 10:00:16.714,229.21,100,NASDAQ,Ask
MSFT,2021-03-05 10:00:37.316,228.08,120,NYSE,TRADE
MSFT,2021-03-05 10:00:20.616,229.32,110,NYSE_ARCA,Bid
MSFT,2021-03-05 10:00:17.694,228.01,110,NASDAQ,TRADE
MSFT,2021-03-05 10:00:09.855,229.34,120,NASDAQ,TRADE
MSFT,2021-03-05 10:00:27.111,229.56,130,NYSE,Ask
MSFT,2021-03-05 10:00:46.215,229.71,110,NASDAQ,TRADE
MSFT,2021-03-05 10:00:14.958,228.43,110,NYSE,Bid
MSFT,2021-03-05 10:00:04.590,229.24,120,NASDAQ,Bid
MSFT,2021-03-05 10:00:37.571,228.73,100,NASDAQ,Ask
MSFT,2021-03-05 10:00:30.594,228.9,100,NYSE_ARCA,Ask
MSFT,2021-03-05 10:00:42.006,228.81,100,NYSE_ARCA,TRADE
MSFT,2021-03-05 10:00:58.889,229.01,100,NASDAQ,Bid
MSFT,2021-03-05 10:00:40.874,228.32,100,NYSE,Bid
MSFT,2021-03-05 10:00:28.151,229.26,130,NYSE_ARCA,Ask
MSFT,2021-03-05 10:00:58.021,229.36,120,NYSE,Bid
MSFT,2021-03-05 10:00:49.314,229.83,110,NASDAQ,Ask
MSFT,2021-03-05 10:00:17.740,229.25,120,NASDAQ,TRADE
MSFT,2021-03-05 10:00:13.394,229.93,100,NASDAQ,TRADE
MSFT,2021-03-05 10:00:23.722,228.0,100,NYSE,Ask
MSFT,2021-03-05 10:00:17.341,228.22,100,NYSE,TRADE
MSFT,2021-03-05 10:00:54.812,228.17,110,NYSE_ARCA,Ask
MSFT,2021-03-05 10:00:15.294,229.94,110,NYSE_ARCA,Ask
MSFT,2021-03-05 10:00:47.456,228.75,120,NYSE_ARCA,TRADE
MSFT,2021-03-05 10:00:17.416,228.1,120,NYSE,Bid
MSFT,2021-03-05 10:00:39.543,229.06,100,NYSE,Bid
MSFT,2021-03-05 10:00:18.957,228.32,110,NYSE_ARCA,Ask
MSFT,2021-03-05 10:00:44.852,229.59,110,NYSE_ARCA,TRADE
MSFT,2021-03-05 10:00:59.250,229.34,120,NYSE_ARCA,Bid
MSFT,2021-03-05 10:00:00.785,228.11,110,NASDAQ,TRADE
MSFT,2021-03-05 10:00:33.377,228.16,130,NASDAQ,TRADE
MSFT,2021-03-05 10:00:43.329,229.36,110,NASDAQ,Bid
MSFT,2021-03-05 10:00:20.347,229.1,110,NYSE_ARCA,Bid
MSFT,2021-03-05 10:00:14.352,228.81,120,NYSE,Ask
MSFT,2021-03-05 10:00:40.225,228.4,110,NYSE,TRADE
MSFT,2021-03-05 10:00:07.015,229.16,130,NASDAQ,Bid
MSFT,2021-03-05 10:00:58.619,229.33,130,NYSE_ARCA,TRADE
MSFT,2021-03-05 10:00:15.814,229.05,110,NASDAQ,Ask
MSFT,2021-03-05 10:00:08.948,229.66,130,NYSE,Ask
MSFT,2021-03-05 10:00:07.120,229.93,100,NYSE,Ask
MSFT,2021-03-05 10:00:49.321,229.02,120,NYSE_ARCA,TRADE
MSFT,2021-03-05 10:00:25.082,228.59,130,NASDAQ,TRADE
MSFT,2021-03-05 10:00:31.033,229.84,110,NYSE_ARCA,Ask
MSFT,2021-03-05 10:00:32.488,229.19,100,NASDAQ,Bid
MSFT,2021-03-05 10:00:42.800,228.16,100,NASDAQ,Bid
MSFT,2021-03-05 10:00:21.324,228.84,100,NYSE,Ask
MSFT,2021-03-05 10:00:00.302,229.52,120,NASDAQ,Bid
MSFT,2021-03-05 10:00:44.478,228.3,110,NASDAQ,Ask
MSFT,2021-03-05 10:00:15.131,229.87,100,NASDAQ,TRADE
MSFT,2021-03-05 10:00:06.360,228.14,120,NYSE,Bid
MSFT,2021-03-05 10:00:48.940,228.95,130,NYSE_ARCA,Ask
MSFT,2021-03-05 10:00:21.049,229.96,110,NYSE,Ask
MSFT,2021-03-05 10:00:02.033,228.56,110,NASDAQ,TRADE
MSFT,2021-03-05 10:00:24.161,229.35,120,NYSE_ARCA,Bid
MSFT,2021-03-05 10:00:17.369,228.37,100,NYSE,TRADE
MSFT,2021-03-05 10:00:06.688,229.89,130,NYSE,Bid
MSFT,2021-03-05 10:00:40.182,228.46,110,NASDAQ,TRADE
MSFT,2021-03-05 10:00:39.209,229.12,120,NASDAQ,Bid
MSFT,2021-03-05 10:00:33.789,228.48,110,NYSE,TRADE
MSFT,2021-03-05 10:00:37.463,228.17,110,NYSE,TRADE
MSFT,2021-03-05 10:00:57.723,229.25,120,NYSE,Ask
MSFT,2021-03-05 10:00:38.946,228.12,130,NASDAQ,Bid
MSFT,2021-03-05 10:00:01.671,228.34,130,NYSE,Bid
MSFT,2021-03-05 10:00:54.747,229.99,100,NASDAQ,TRADE
MSFT,2021-03-05 10:00:24.695,228.76,130,NASDAQ,Bid
MSFT,2021-03-05 10:00:51.489,229.5,120,NYSE,Ask
MSFT,2021-03-05 10:00:21.127,228.54,110,NYSE,Ask
MSFT,2021-03-05 10:00:20.362,228.96,110,NASDAQ,Ask
MSFT,2021-03-05 10:00:05.239,229.92,110,NYSE_ARCA,TRADE
MSFT,2021-03-05 10:00:46.687,229.85,130,NYSE,TRADE
MSFT,2021-03-05 10:00:14.456,229.27,130,NASDAQ,TRADE
MSFT,2021-03-05 10:00:27.699,229.07,100,NASDAQ,Ask
MSFT,2021-03-05 10:00:52.282,228.48,110,NASDAQ,Bid
MSFT,2021-03-05 10:00:27.271,228.48,110,NASDAQ,Ask
MSFT,2021-03-05 10:00:26.718,229.47,130,NYSE_ARCA,Ask
MSFT,2021-03-05 10:00:11.276,229.76,120,NYSE_ARCA,TRADE
MSFT,2021-03-05 10:00:19.085,228.5,100,NASDAQ,TRADE
MSFT,2021-03-05 10:00:04.890,229.57,130,NASDAQ,Bid
MSFT,2021-03-05 10:00:35.074,229.58,130,NYSE,Bid
MSFT,2021-03-05 10:00:20.864,228.09,120,NYSE_ARCA,Bid
MSFT,2021-03-05 10:00:58.432,229.98,110,NYSE,Ask
MSFT,2021-03-05 10:00:31.150,228.83,110,NYSE,TRADE
MSFT,2021-03-05 10:00:28.375,228.56,110,NYSE_ARCA,TRADE
MSFT,2021-03-05 10:00:21.094,228.71,130,NYSE,Bid
MSFT,2021-03-05 10:00:16.766,229.48,120,NYSE,TRADE
MSFT,2021-03-05 10:00:33.742,228.81,100,NASDAQ,TRADE
MSFT,2021-03-05 10:00:52.488,229.98,120,NASDAQ,Bid
MSFT,2021-03-05 10:00:28.026,228.98,130,NYSE,TRADE
MSFT,2021-03-05 10:00:48.913,229.27,130,NASDAQ,TRADE
MSFT,2021-03-05 10:00:47.883,228.95,110,NYSE_ARCA,Ask
MSFT,2021-03-05 10:00:09.642,229.45,120,NYSE_ARCA,Ask
MSFT,2021-03-05 10:00:06.349,229.48,110,NYSE,Bid
MSFT,2021-03-05 10:00:04.255,229.48,130,NYSE,TRADE
MSFT,2021-03-05 10:00:00.774,229.54,130,NYSE_ARCA,TRADE
MSFT,2021-03-05 10:00:13.856,228.73,100,NYSE,Bid
MSFT,2021-03-05 10:00:53.781,229.37,100,NYSE,Bid
MSFT,2021-03-05 10:00:51.187,228.72,110,NYSE,TRADE
MSFT,2021-03-05 10:00:12.142,229.43,110,NASDAQ,Bid
MSFT,2021-03-05 10:00:04.373,228.74,110,NYSE,Bid
MSFT,2021-03-05 10:00:18.008,229.1,120,NYSE_ARCA,Ask
MSFT,2021-03-05 10:00:03.796,228.84,110,NYSE,Ask
MSFT,2021-03-05 10:00:31.276,229.1,110,NYSE_ARCA,TRADE
MSFT,2021-03-05 10:00:33.331,229.87,100,NASDAQ,Bid
MSFT,2021-03-05 10:00:45.073,229.71,130,NYSE_ARCA,Bid
MSFT,2021-03-05 10:00:54.329,229.67,130,NYSE_ARCA,Bid
MSFT,2021-03-05 10:00:21.400,229.65,120,NYSE,Bid
MSFT,2021-03-05 10:00:18.220,228.31,100,NASDAQ,Bid
MSFT,2021-03-05 10:00:07.429,229.73,100,NYSE,Ask
MSFT,2021-03-05 10:00:39.399,229.15,130,NYSE_ARCA,Ask
MSFT,2021-03-05 10:00:04.454,229.63,110,NYSE,Ask
MSFT,2021-03-05 10:00:45.185,229.3,130,NASDAQ,TRADE
MSFT,2021-03-05 10:00:14.679,229.77,120,NYSE,Bid
MSFT,2021-03-05 10:00:09.642,228.26,130,NYSE_ARCA,TRADE
MSFT,2021-03-05 10:00:50.608,228.31,100,NYSE_ARCA,Bid
MSFT,2021-03-05 10:00:15.211,229.93,100,NYSE,Bid
MSFT,2021-03-05 10:00:02.243,228.38,120,NYSE,Ask
MSFT,2021-03-05 10:00:13.376,229.29,120,NYSE_ARCA,TRADE
MSFT,2021-03-05 10:00:15.021,229.16,100,NYSE_ARCA,Bid
MSFT,2021-03-05 10:00:19.681,229.64,100,NASDAQ,TRADE
MSFT,2021-03-05 10:00:12.071,228.27,120,NYSE,TRADE
MSFT,2021-03-05 10:00:20.159,228.95,110,NYSE_ARCA,Ask
MSFT,2021-03-05 10:00:02.381,228.46,100,NYSE_ARCA,Bid
MSFT,2021-03-05 10:00:55.561,228.7,110,NYSE,Ask
MSFT,2021-03-05 10:00:13.461,229.86,120,NASDAQ,TRADE
MSFT,2021-03-05 10:00:02.996,229.66,130,NYSE_ARCA,Bid
MSFT,2021-03-05 10:00:05.507,228.6,110,NASDAQ,TRADE
MSFT,2021-03-05 10:00:09.481,229.96,120,NYSE,TRADE
MSFT,2021-03-05 10:00:12.054,228.45,120,NASDAQ,TRADE
MSFT,2021-03-05 10:00:48.133,228.67,110,NYSE,Ask
MSFT,2021-03-05 10:00:15.868,229.34,110,NYSE_ARCA,TRADE
MSFT,2021-03-05 10:00:25.434,229.37,100,NYSE_ARCA,Ask
MSFT,2021-03-05 10:00:46.936,229.02,110,NASDAQ,Bid
MSFT,2021-03-05 10:00:19.696,229.91,130,NYSE_ARCA,TRADE
MSFT,2021-03-05 10:00:18.992,228.44,110,NYSE,TRADE
MSFT,2021-03-05 10:00:49.193,228.91,120,NYSE,TRADE
MSFT,2021-03-05 10:00:45.928,228.15,110,NASDAQ,Ask
MSFT,2021-03-05 10:00:11.351,228.65,100,NYSE_ARCA,Ask
MSFT,2021-03-05 10:00:57.189,229.84,130,NYSE_ARCA,TRADE
MSFT,2021-03-05 10:00:17.907,228.64,110,NASDAQ,TRADE
MSFT,2021-03-05 10:00:03.992,229.98,100,NYSE,TRADE
MSFT,2021-03-05 10:00:34.908,229.1,120,NYSE_ARCA,TRADE
MSFT,2021-03-05 10:00:33.534,228.42,120,NYSE,Ask
MSFT,2021-03-05 10:00:21.474,229.56,110,NASDAQ,Ask
MSFT,2021-03-05 10:00:23.711,229.09,120,NYSE,TRADE
MSFT,2021-03-05 10:00:11.877,229.73,100,NASDAQ,TRADE
MSFT,2021-03-05 10:00:19.674,229.34,110,NASDAQ,Bid
MSFT,2021-03-05 10:00:09.619,229.91,110,NYSE,Ask
MSFT,2021-03-05 10:00:51.755,228.75,120,NASDAQ,Bid
MSFT,2021-03-05 10:00:10.377,228.7,110,NYSE,Ask
MSFT,2021-03-05 10:00:23.814,229.37,120,NYSE,TRADE
MSFT,2021-03-05 10:00:29.053,229.01,110,NASDAQ,TRADE
MSFT,2021-03-05 10:00:09.472,229.4,100,NYSE_ARCA,TRADE
MSFT,2021-03-05 10:00:35.647,228.35,130,NASDAQ,TRADE
MSFT,2021-03-05 10:00:55.103,228.07,100,NASDAQ,Bid
MSFT,2021-03-05 10:00:31.640,228.1,120,NYSE_ARCA,TRADE
MSFT,2021-03-05 10:00:25.404,229.26,100,NYSE_ARCA,Ask
MSFT,2021-03-05 10:00:03.458,229.03,110,NASDAQ,Bid
MSFT,2021-03-05 10:00:35.597,229.61,100,NYSE,Ask
MSFT,2021-03-05 10:00:01.949,229.84,130,NYSE,Bid
MSFT,2021-03-05 10:00:16.437,228.01,130,NYSE_ARCA,Ask
MSFT,2021-03-05 10:00:13.239,229.26,100,NYSE_ARCA,TRADE
MSFT,2021-03-05 10:00:43.297,229.51,120,NYSE_ARCA,TRADE
MSFT,2021-03-05 10:00:49.242,228.58,100,NYSE_ARCA,Ask
MSFT,2021-03-05 10:00:45.220,229.86,100,NASDAQ,TRADE
MSFT,2021-03-05 10:00:55.911,229.38,100,NYSE_ARCA,Ask
MSFT,2021-03-05 10:00:20.999,229.01,130,NYSE,TRADE
MSFT,2021-03-05 10:00:46.569,228.65,100,NASDAQ,Ask
MSFT,2021-03-05 10:00:27.906,229.51,130,NASDAQ,TRADE
MSFT,2021-03-05 10:00:16.718,228.32,120,NASDAQ,Bid
MSFT,2021-03-05 10:00:01.916,229.93,100,NYSE_ARCA,TRADE
MSFT,2021-03-05 10:00:26.825,229.69,130,NASDAQ,TRADE
MSFT,2021-03-05 10:00:07.617,228.65,130,NYSE_ARCA,Ask
MSFT,2021-03-05 10:00:37.866,229.55,110,NASDAQ,Bid
MSFT,2021-03-05 10:00:09.080,228.19,110,NYSE,TRADE
MSFT,2021-03-05 10:00:27.444,229.27,120,NYSE,Bid
MSFT,2021-03-05 10:00:07.202,228.28,100,NASDAQ,Bid
MSFT,2021-03-05 10:00:47.329,228.82,110,NYSE_ARCA,Ask
MSFT,2021-03-05 10:00:56.712,228.78,130,NYSE,TRADE
MSFT,2021-03-05 10:00:06.183,229.42,120,NYSE,Ask
MSFT,2021-03-05 10:00:22.672,229.77,130,NYSE,TRADE
MSFT,2021-03-05 10:00:52.597,228.15,100,NYSE_ARCA,Bid
MSFT,2021-03-05 10:00:20.797,228.98,100,NYSE_ARCA,Bid
MSFT,2021-03-05 10:00:34.061,229.02,120,NYSE_ARCA,TRADE
MSFT,2021-03-05 10:00:37.287,228.97,110,NYSE_ARCA,Ask
MSFT,2021-03-05 10:00:01.403,228.99,130,NYSE,Ask
MSFT,2021-03-05 10:00:48.789,229.55,130,NYSE,Bid
MSFT,2021-03-05 10:00:28.129,229.66,100,NASDAQ,Bid
MSFT,2021-03-05 10:00:35.524,229.61,120,NYSE_ARCA,Bid
MSFT,2021-03-05 10:00:44.463,229.63,100,NYSE,TRADE
MSFT,2021-03-05 10:00:25.911,229.37,120,NYSE,Ask
MSFT,2021-03-05 10:00:32.651,228.78,130,NASDAQ,TRADE
MSFT,2021-03-05 10:00:14.944,228.84,110,NASDAQ,TRADE
MSFT,2021-03-05 10:00:37.488,229.97,130,NYSE,Ask
MSFT,2021-03-05 10:00:32.084,229.26,110,NYSE,TRADE
MSFT,2021-03-05 10:00:39.298,228.31,130,NYSE,Ask
MSFT,2021-03-05 10:00:33.469,229.17,120,NASDAQ,TRADE
MSFT,2021-03-05 10:00:43.914,228.94,110,NASDAQ,Ask
MSFT,2021-03-05 10:00:00.823,228.91,110,NYSE,Bid
MSFT,2021-03-05 10:00:30.050,229.63,120,NYSE_ARCA,Bid
MSFT,2021-03-05 10:00:02.907,228.86,110,NYSE_ARCA,Ask
MSFT,2021-03-05 10:00:30.263,228.33,130,NYSE_ARCA,TRADE
MSFT,2021-03-05 10:00:24.328,228.42,120,NYSE_ARCA,TRADE
MSFT,2021-03-05 10:00:12.140,229.8,110,NYSE,Bid
MSFT,2021-03-05 10:00:23.409,229.12,120,NASDAQ,Ask
MSFT,2021-03-05 10:00:38.388,228.06,120,NYSE,Ask
MSFT,2021-03-05 10:00:08.886,229.51,110,NYSE_ARCA,Ask
MSFT,2021-03-05 10:00:50.264,229.85,100,NYSE,Ask
MSFT,2021-03-05 10:00:59.097,229.29,100,NASDAQ,TRADE
MSFT,2021-03-05 10:00:05.475,229.09,130,NASDAQ,Ask
MSFT,2021-03-05 10:00:02.347,229.16,120,NASDAQ,TRADE
MSFT,2021-03-05 10:00:00.954,228.13,130,NYSE,Bid
MSFT,2021-03-05 10:00:24.723,228.48,130,NYSE_ARCA,TRADE
MSFT,2021-03-05 10:00:21.513,228.13,100,NYSE,Ask
MSFT,2021-03-05 10:00:08.645,228.21,120,NASDAQ,Ask
MSFT,2021-03-05 10:00:36.002,229.36,120,NYSE,Bid
MSFT,2021-03-05 10:00:32.406,228.49,100,NASDAQ,Bid
MSFT,2021-03-05 10:00:30.243,228.86,120,NASDAQ,TRADE
MSFT,2021-03-05 10:00:27.573,229.38,110,NYSE,TRADE
MSFT,2021-03-05 10:00:43.504,228.15,120,NYSE,Bid
MSFT,2021-03-05 10:00:01.998,229.47,100,NASDAQ,TRADE
MSFT,2021-03-05 10:00:23.290,229.67,100,NYSE,Ask
MSFT,2021-03-05 10:00:23.369,228.07,110,NYSE,Bid
MSFT,2021-03-05 10:00:25.259,228.16,110,NASDAQ,Ask
MSFT,2021-03-05 10:00:25.113,229.37,100,NYSE,Bid
MSFT,2021-03-05 10:00:09.547,229.67,100,NYSE_ARCA,Bid
MSFT,2021-03-05 10:00:19.116,228.45,100,NASDAQ,Bid
MSFT,2021-03-05 10:00:59.753,229.12,110,NASDAQ,Bid
MSFT,2021-03-05 10:00:39.475,229.49,130,NASDAQ,Ask
MSFT,2021-03-05 10:00:03.711,228.3,100,NYSE,Ask
MSFT,2021-03-05 10:00:18.877,229.97,100,NYSE,TRADE
MSFT,2021-03-05 10:00:25.974,229.33,130,NYSE_ARCA,TRADE
MSFT,2021-03-05 10:00:45.051,229.3,120,NASDAQ,TRADE
MSFT,2021-03-05 10:00:12.748,229.38,100,NASDAQ,Ask
MSFT,2021-03-05 10:00:18.652,229.7,130,NYSE_ARCA,Bid
MSFT,2021-03-05 10:00:33.239,229.81,110,NASDAQ,TRADE
MSFT,2021-03-05 10:00:55.151,228.37,120,NYSE_ARCA,Bid
MSFT,2021-03-05 10:00:03.938,229.18,100,NYSE,Bid
MSFT,2021-03-05 10:00:01.941,229.82,120,NASDAQ,Bid
MSFT,2021-03-05 10:00:58.442,228.87,100,NYSE,TRADE
MSFT,2021-03-05 10:00:40.025,229.1,100,NYSE_ARCA,Bid
MSFT,2021-03-05 10:00:13.063,228.05,130,NYSE_ARCA,Bid
MSFT,2021-03-05 10:00:17.867,228.99,120,NYSE,Bid
MSFT,2021-03-05 10:00:20.634,229.42,110,NASDAQ,Bid
MSFT,2021-03-05 10:00:54.653,229.65,130,NASDAQ,Bid
MSFT,2021-03-05 10:00:24.602,229.76,100,NASDAQ,TRADE
MSFT,2021-03-05 10:00:35.550,228.1,120,NYSE_ARCA,TRADE
MSFT,2021-03-05 10:00:15.049,228.99,130,NYSE,Ask
MSFT,2021-03-05 10:00:38.936,229.87,130,NYSE,TRADE
MSFT,2021-03-05 10:00:58.496,228.43,120,NASDAQ,TRADE
MSFT,2021-03-05 10:00:29.077,228.71,120,NASDAQ,Bid
MSFT,2021-03-05 10:00:02.311,228.08,110,NYSE_ARCA,Bid
MSFT,2021-03-05 10:00:45.901,228.04,100,NASDAQ,Ask
MSFT,2021-03-05 10:00:56.441,228.74,100,NYSE_ARCA,TRADE
MSFT,2021-03-05 10:00:04.165,228.01,110,NYSE_ARCA,Bid
MSFT,2021-03-05 10:00:54.659,228.98,120,NYSE,Bid
MSFT,2021-03-05 10:00:07.113,229.04,100,NYSE_ARCA,TRADE
MSFT,2021-03-05 10:00:45.148,229.62,100,NASDAQ,TRADE
MSFT,2021-03-05 10:00:57.307,228.94,130,NYSE,TRADE
MSFT,2021-03-05 10:00:23.401,229.7,130,NASDAQ,TRADE
MSFT,2021-03-05 10:00:17.218,229.78,100,NYSE_ARCA,Ask
MSFT,2021-03-05 10:00:33.476,229.25,110,NYSE_ARCA,Ask
MSFT,2021-03-05 10:00:04.735,229.35,130,NYSE,TRADE
MSFT,2021-03-05 10:00:17.302,229.69,110,NYSE,TRADE
MSFT,2021-03-05 10:00:13.042,229.44,100,NYSE_ARCA,TRADE
MSFT,2021-03-05 10:00:59.206,228.49,110,NYSE_ARCA,Ask
MSFT,2021-03-05 10:00:14.893,229.86,130,NYSE_ARCA,TRADE
MSFT,2021-03-05 10:00:46.499,229.1,130,NYSE,Bid
MSFT,2021-03-05 10:00:12.673,229.08,100,NASDAQ,Ask
MSFT,2021-03-05 10:00:59.093,229.96,110,NASDAQ,Ask
MSFT,2021-03-05 10:00:49.433,229.83,110,NYSE,Bid
MSFT,2021-03-05 10:00:15.544,229.11,100,NYSE_ARCA,Bid
MSFT,2021-03-05 10:00:28.600,229.09,130,NASDAQ,Bid
MSFT,2021-03-05 10:00:36.044,229.09,120,NASDAQ,Bid
MSFT,2021-03-05 10:00:12.268,228.59,120,NYSE,TRADE
MSFT,2021-03-05 10:00:06.152,229.09,120,NASDAQ,TRADE
MSFT,2021-03-05 10:00:20.584,228.76,100,NYSE,TRADE
MSFT,2021-03-05 10:00:35.750,229.88,130,NYSE,Bid
MSFT,2021-03-05 10:00:23.777,228.83,120,NYSE,Bid
MSFT,2021-03-05 10:00:36.140,229.71,100,NASDAQ,TRADE
MSFT,2021-03-05 10:00:02.524,229.37,130,NASDAQ,Ask
MSFT,2021-03-05 10:00:53.644,228.21,130,NYSE,TRADE
MSFT,2021-03-05 10:00:15.359,228.72,130,NASDAQ,TRADE
MSFT,2021-03-05 10:00:08.525,228.91,100,NYSE,Ask
MSFT,2021-03-05 10:00:24.149,229.28,130,NYSE_ARCA,Ask
MSFT,2021-03-05 10:00:11.473,229.0,120,NYSE,Bid
MSFT,2021-03-05 10:00:07.818,228.02,120,NYSE,Ask
MSFT,2021-03-05 10:00:56.413,228.17,100,NYSE,TRADE
MSFT,2021-03-05 10:00:10.085,229.69,120,NYSE,Bid
MSFT,2021-03-05 10:00:57.199,228.2,130,NYSE_ARCA,Ask
MSFT,2021-03-05 10:00:00.660,229.84,110,NASDAQ,TRADE
MSFT,2021-03-05 10:00:52.326,228.86,130,NYSE_ARCA,TRADE
MSFT,2021-03-05 10:00:44.324,228.24,130,NYSE,Bid
MSFT,2021-03-05 10:00:39.959,229.95,130,NYSE,TRADE
MSFT,2021-03-05 10:00:50.744,228.93,100,NASDAQ,Ask
MSFT,2021-03-05 10:00:09.501,228.09,100,NYSE,TRADE
MSFT,2021-03-05 10:00:17.786,228.45,110,NYSE_ARCA,TRADE
MSFT,2021-03-05 10:00:01.634,228.91,110,NYSE,Ask
MSFT,2021-03-05 10:00:22.605,228.75,130,NASDAQ,TRADE
MSFT,2021-03-05 10:00:09.758,229.86,110,NASDAQ,Ask
MSFT,2021-03-05 10:00:48.066,229.13,110,NYSE_ARCA,Ask
MSFT,2021-03-05 10:00:22.132,228.31,130,NYSE_ARCA,TRADE
MSFT,2021-03-05 10:00:19.832,228.39,120,NASDAQ,Bid
MSFT,2021-03-05 10:00:58.452,228.93,100,NYSE,Ask
MSFT,2021-03-05 10:00:07.683,228.71,100,NASDAQ,Bid
MSFT,2021-03-05 10:00:04.044,228.79,110,NYSE,Bid
MSFT,2021-03-05 10:00:00.217,228.15,100,NASDAQ,Ask
MSFT,2021-03-05 10:00:39.732,229.2,100,NASDAQ,TRADE
MSFT,2021-03-05 10:00:54.073,228.61,100,NASDAQ,TRADE
MSFT,2021-03-05 10:00:55.052,228.24,100,NYSE,Bid
MSFT,2021-03-05 10:00:57.188,228.24,110,NYSE,Bid
MSFT,2021-03-05 10:00:00.618,229.71,130,NASDAQ,TRADE
MSFT,2021-03-05 10:00:09.266,229.36,120,NYSE,Bid
MSFT,2021-03-05 10:00:33.923,229.63,100,NYSE,Bid
MSFT,2021-03-05 10:00:37.820,229.68,130,NYSE,Bid
MSFT,2021-03-05 10:00:53.613,228.52,110,NYSE,TRADE
MSFT,2021-03-05 10:00:40.415,229.74,100,NYSE,TRADE
MSFT,2021-03-05 10:00:37.748,229.28,100,NASDAQ,TRADE
MSFT,2021-03-05 10:00:32.570,229.14,110,NYSE,Bid
MSFT,2021-03-05 10:00:08.016,228.63,120,NYSE,TRADE
MSFT,2021-03-05 10:00:18.615,229.83,110,NASDAQ,Bid
MSFT,2021-03-05 10:00:29.839,228.37,120,NASDAQ,Ask
MSFT,2021-03-05 10:00:58.554,229.47,110,NYSE,Ask
MSFT,2021-03-05 10:00:46.249,228.84,100,NASDAQ,Bid
MSFT,2021-03-05 10:00:10.289,228.07,120,NYSE,TRADE
MSFT,2021-03-05 10:00:08.088,228.43,110,NYSE_ARCA,Bid
MSFT,2021-03-05 10:00:56.171,229.78,100,NYSE,Bid
MSFT,2021-03-05 10:00:08.188,228.83,120,NYSE,Bid
MSFT,2021-03-05 10:00:53.509,228.66,120,NYSE,TRADE
MSFT,2021-03-05 10:00:53.730,228.74,110,NYSE_ARCA,Ask
MSFT,2021-03-05 10:00:03.356,229.34,100,NYSE,Ask
MSFT,2021-03-05 10:00:19.638,228.72,130,NYSE_ARCA,Ask
MSFT,2021-03-05 10:00:06.280,229.95,120,NASDAQ,TRADE
MSFT,2021-03-05 10:00:35.872,229.83,100,NYSE,Ask
MSFT,2021-03-05 10:00:23.520,228.3,100,NASDAQ,Ask
MSFT,2021-03-05 10:00:43.966,228.52,120,NYSE_ARCA,TRADE
MSFT,2021-03-05 10:00:59.484,229.71,130,NYSE,Ask
MSFT,2021-03-05 10:00:17.891,228.83,130,NYSE,Bid
MSFT,2021-03-05 10:00:31.768,228.84,110,NYSE,Bid
MSFT,2021-03-05 10:00:13.180,229.93,120,NASDAQ,TRADE
MSFT,2021-03-05 10:00:29.172,229.6,110,NASDAQ,Bid
MSFT,2021-03-05 10:00:18.604,229.23,130,NYSE,Bid
MSFT,2021-03-05 10:00:49.538,228.32,100,NYSE,TRADE
MSFT,2021-03-05 10:00:30.902,228.97,130,NYSE,Ask
MSFT,2021-03-05 10:00:30.325,228.92,100,NYSE_ARCA,TRADE
MSFT,2021-03-05 10:00:14.057,229.53,130,NYSE,TRADE
MSFT,2021-03-05 10:00:51.646,229.79,120,NYSE,TRADE
MSFT,2021-03-05 10:00:41.210,229.68,110,NYSE,Bid
MSFT,2021-03-05 10:00:03.089,228.5,110,NYSE_ARCA,TRADE
MSFT,2021-03-05 10:00:17.803,229.66,130,NYSE_ARCA,Ask
MSFT,2021-03-05 10:00:57.252,229.68,120,NYSE_ARCA,TRADE
MSFT,2021-03-05 10:00:07.117,228.15,130,NYSE_ARCA,TRADE
MSFT,2021-03-05 10:00:32.991,228.46,120,NASDAQ,TRADE
MSFT,2021-03-05 10:00:09.493,228.69,100,NYSE_ARCA,Bid
MSFT,2021-03-05 10:00:39.831,229.58,120,NASDAQ,Bid
MSFT,2021-03-05 10:00:54.589,229.49,100,NASDAQ,Ask
MSFT,2021-03-05 10:00:09.269,229.7,110,NYSE,Bid
MSFT,2021-03-05 10:00:38.303,228.34,120,NASDAQ,TRADE
MSFT,2021-03-05 10:00:59.611,228.81,110,NYSE_ARCA,Ask
MSFT,2021-03-05 10:00:57.513,228.8,110,NYSE,Ask
MSFT,2021-03-05 10:00:57.443,229.15,120,NYSE,Bid
MSFT,2021-03-05 10:00:37.363,229.34,120,NYSE_ARCA,Bid
MSFT,2021-03-05 10:00:46.610,228.32,130,NYSE,Bid
MSFT,2021-03-05 10:00:53.819,229.07,130,NASDAQ,Bid
MSFT,2021-03-05 10:00:49.803,228.02,100,NYSE_ARCA,Bid
MSFT,2021-03-05 10:00:56.940,229.9,100,NASDAQ,Ask
MSFT,2021-03-05 10:00:48.899,229.81,130,NYSE_ARCA,TRADE
MSFT,2021-03-05 10:00:15.308,228.97,110,NYSE,TRADE
MSFT,2021-03-05 10:00:13.155,229.03,100,NYSE_ARCA,Bid
MSFT,2021-03-05 10:00:43.019,228.04,110,NASDAQ,TRADE
MSFT,2021-03-05 10:00:55.822,229.85,130,NYSE_ARCA,Bid
MSFT,2021-03-05 10:00:59.880,228.79,100,NYSE,TRADE
MSFT,2021-03-05 10:00:01.803,229.03,130,NASDAQ,Ask
MSFT,2021-03-05 10:00:17.522,229.58,100,NYSE,Ask
MSFT,2021-03-05 10:00:13.389,228.34,130,NYSE,Ask
MSFT,2021-03-05 10:00:14.529,228.57,100,NYSE,Bid
MSFT,2021-03-05 10:00:16.924,228.14,100,NYSE,TRADE
MSFT,2021-03-05 10:00:26.228,228.36,110,NASDAQ,Bid
MSFT,2021-03-05 10:00:22.259,228.84,100,NYSE_ARCA,TRADE
MSFT,2021-03-05 10:00:25.466,228.13,110,NYSE,TRADE
MSFT,2021-03-05 10:00:47.533,229.82,100,NASDAQ,Bid
MSFT,2021-03-05 10:00:36.214,229.82,120,NYSE_ARCA,Bid
MSFT,2021-03-05 10:00:18.732,228.34,110,NYSE,TRADE
MSFT,2021-03-05 10:00:17.168,229.27,100,NYSE_ARCA,Bid
MSFT,2021-03-05 10:00:45.485,228.28,110,NYSE_ARCA,Bid
MSFT,2021-03-05 10:00:33.068,229.14,100,NYSE,TRADE
MSFT,2021-03-05 10:00:09.916,229.16,110,NASDAQ,Ask
MSFT,2021-03-05 10:00:03.904,229.33,100,NYSE_ARCA,TRADE
MSFT,2021-03-05 10:00:45.585,229.13,110,NYSE_ARCA,TRADE
MSFT,2021-03-05 10:00:01.087,229.28,110,NASDAQ,Bid
MSFT,2021-03-05 10:00:07.299,229.38,120,NYSE_ARCA,Bid
MSFT,2021-03-05 10:00:11.798,228.69,120,NASDAQ,TRADE
MSFT,2021-03-05 10:00:29.240,228.7,130,NYSE,Bid
MSFT,2021-03-05 10:00:49.768,229.31,120,NASDAQ,TRADE
MSFT,2021-03-05 10:00:01.506,228.43,100,NYSE_ARCA,TRADE
MSFT,2021-03-05 10:00:00.044,228.84,120,NASDAQ,TRADE
MSFT,2021-03-05 10:00:15.848,228.9,110,NYSE_ARCA,TRADE
MSFT,2021-03-05 10:00:37.778,228.62,100,NASDAQ,Bid
MSFT,2021-03-05 10:00:59.197,228.89,100,NYSE,Bid
MSFT,2021-03-05 10:00:04.132,228.29,100,NYSE,Ask
MSFT,2021-03-05 10:00:35.254,228.82,100,NYSE,Ask
MSFT,2021-03-05 10:00:17.457,228.63,130,NYSE_ARCA,TRADE
MSFT,2021-03-05 10:00:38.954,228.46,110,NASDAQ,TRADE
MSFT,2021-03-05 10:00:29.820,229.82,100,NYSE,Ask
MSFT,2021-03-05 10:00:29.603,228.56,120,NASDAQ,Ask
MSFT,2021-03-05 10:00:18.085,229.79,120,NYSE,Bid
MSFT,2021-03-05 10:00:23.258,229.05,110,NYSE,Bid
MSFT,2021-03-05 10:00:05.076,229.99,120,NYSE_ARCA,Bid
MSFT,2021-03-05 10:00:35.796,229.1,100,NASDAQ,Bid
MSFT,2021-03-05 10:00:00.071,228.74,110,NASDAQ,Ask
MSFT,2021-03-05 10:00:32.581,228.21,100,NASDAQ,Ask
MSFT,2021-03-05 10:00:08.372,228.64,100,NASDAQ,TRADE
MSFT,2021-03-05 10:00:41.594,228.44,100,NYSE_ARCA,TRADE
MSFT,2021-03-05 10:00:03.539,229.12,110,NYSE,Bid
MSFT,2021-03-05 10:00:26.624,229.01,120,NYSE_ARCA,Bid
MSFT,2021-03-05 10:00:41.436,228.69,100,NYSE_ARCA,TRADE
MSFT,2021-03-05 10:00:55.957,228.73,120,NYSE,Bid
MSFT,2021-03-05 10:00:17.502,229.41,100,NYSE,Ask
MSFT,2021-03-05 10:00:09.252,229.94,130,NASDAQ,TRADE
MSFT,2021-03-05 10:00:45.320,229.85,130,NYSE_ARCA,TRADE
MSFT,2021-03-05 10:00:57.423,229.3,130,NYSE_ARCA,TRADE
MSFT,2021-03-05 10:00:17.947,229.74,100,NASDAQ,Ask
MSFT,2021-03-05 10:00:54.658,228.85,110,NYSE_ARCA,Ask
MSFT,2021-03-05 10:00:47.891,229.06,100,NYSE_ARCA,TRADE
MSFT,2021-03-05 10:00:46.993,228.29,110,NYSE_ARCA,TRADE
MSFT,2021-03-05 10:00:50.838,228.72,120,NASDAQ,TRADE
MSFT,2021-03-05 10:00:11.444,228.26,110,NYSE,Bid
MSFT,2021-03-05 10:00:26.352,229.56,100,NASDAQ,Bid
MSFT,2021-03-05 10:00:39.507,228.78,120,NYSE,Ask
MSFT,2021-03-05 10:00:50.018,229.43,120,NYSE,TRADE
MSFT,2021-03-05 10:00:01.099,228.31,110,NYSE_ARCA,Bid
MSFT,2021-03-05 10:00:47.946,229.52,100,NYSE,TRADE
MSFT,2021-03-05 10:00:19.647,228.75,120,NASDAQ,Ask
MSFT,2021-03-05 10:00:33.026,229.33,110,NYSE_ARCA,TRADE
MSFT,2021-03-05 10:00:02.724,228.6,100,NASDAQ,Ask
MSFT,2021-03-05 10:00:50.170,228.13,110,NASDAQ,TRADE
MSFT,2021-03-05 10:00:50.260,228.42,110,NYSE,Bid
MSFT,2021-03-05 10:00:15.438,229.31,130,NYSE_ARCA,TRADE
MSFT,2021-03-05 10:00:24.417,228.86,120,NASDAQ,Bid
MSFT,2021-03-05 10:00:44.575,229.11,110,NASDAQ,Ask
MSFT,2021-03-05 10:00:39.041,229.8,130,NYSE,TRADE
MSFT,2021-03-05 10:00:46.278,229.21,130,NYSE_ARCA,Ask
MSFT,2021-03-05 10:00:40.671,229.62,130,NYSE,Ask
MSFT,2021-03-05 10:00:44.018,228.51,100,NYSE,TRADE
MSFT,2021-03-05 10:00:10.149,228.51,120,NYSE_ARCA,Ask
MSFT,2021-03-05 10:00:37.876,229.12,100,NASDAQ,Ask
MSFT,2021-03-05 10:00:48.716,229.2,130,NASDAQ,TRADE
MSFT,2021-03-05 10:00:18.132,228.46,120,NYSE_ARCA,Ask
MSFT,2021-03-05 10:00:10.952,229.07,100,NASDAQ,Ask
MSFT,2021-03-05 10:00:22.215,228.41,100,NASDAQ,Bid
MSFT,2021-03-05 10:00:01.269,229.78,120,NYSE_ARCA,TRADE
MSFT,2021-03-05 10:00:30.757,229.89,110,NASDAQ,Bid
MSFT,2021-03-05 10:00:36.412,228.13,110,NYSE_ARCA,TRADE
MSFT,2021-03-05 10:00:20.031,229.87,120,NYSE,Bid
MSFT,2021-03-05 10:00:49.892,228.35,120,NYSE_ARCA,Bid
MSFT,2021-03-05 10:00:18.125,228.8,100,NYSE,Bid
MSFT,2021-03-05 10:00:56.641,228.9,100,NASDAQ,Bid
MSFT,2021-03-05 10:00:59.069,228.08,130,NYSE,Bid
MSFT,2021-03-05 10:00:39.734,229.43,130,NYSE_ARCA,Ask
MSFT,2021-03-05 10:00:55.997,228.22,120,NYSE,TRADE
MSFT,2021-03-05 10:00:32.918,229.71,100,NYSE_ARCA,Ask
MSFT,2021-03-05 10:00:48.352,228.16,120,NYSE,Ask
MSFT,2021-03-05 10:00:05.239,229.47,130,NASDAQ,Bid
MSFT,2021-03-05 10:00:08.855,229.42,100,NYSE_ARCA,Bid
MSFT,2021-03-05 10:00:27.046,229.53,110,NASDAQ,Ask
MSFT,2021-03-05 10:00:53.098,228.9,100,NYSE,Bid
MSFT,2021-03-05 10:00:03.921,229.23,100,NYSE_ARCA,TRADE
MSFT,2021-03-05 10:00:59.863,228.81,100,NYSE_ARCA,Ask
MSFT,2021-03-05 10:00:40.938,229.25,130,NASDAQ,Ask
MSFT,2021-03-05 10:00:54.300,229.83,110,NYSE,TRADE
MSFT,2021-03-05 10:00:15.602,229.03,100,NYSE,Bid
MSFT,2021-03-05 10:00:32.015,228.96,100,NASDAQ,Bid
MSFT,2021-03-05 10:00:45.593,228.94,120,NASDAQ,Ask
CSCO,CSCO,2021-03-05 10:00:00.123,46.14,120,NYSE_ARCA,Ask
CSCO,MSFT,2021-03-05 10:00:00.123,228.5,120,NYSE,Ask
CSCO,CSCO,2021-03-05 10:00:00.130,46.13,120,NYSE,TRADE
CSCO,MSFT,2021-03-05 10:00:00.133,228.5,120,NYSE,TRADE
CSCO,GOOG,2021-03-05 10:00:01.837,168.12,100,NYSE_ARCA,TRADE
CSCO,GOOG,2021-03-05 10:00:38.079,45.24,150,NYSE_ARCA,TRADE
CSCO,AAPL,2021-03-05 10:00:37.954,129.71,200,NYSE_ARCA,TRADE
CSCO,AAPL,2021-03-05 10:00:55.175,128.92,200,NASDAQ,TRADE
CSCO,MSFT,2021-03-05 10:00:22.673,242.78,200,NYSE,Ask
CSCO,AAPL,2021-03-05 10:00:52.480,220.72,120,NYSE_ARCA,Bid
CSCO,AAPL,2021-03-05 10:00:32.117,93.93,150,NYSE_ARCA,Bid
CSCO,CSCO,2021-03-05 10:00:04.644,179.85,150,NYSE,TRADE
CSCO,AAPL,2021-03-05 10:00:51.360,135.5,200,NYSE_ARCA,TRADE
CSCO,MSFT,2021-03-05 10:00:11.163,67.77,100,NYSE,TRADE
CSCO,CSCO,2021-03-05 10:00:54.769,85.65,120,NYSE,Ask
CSCO,GOOG,2021-03-05 10:00:11.247,244.41,120,NYSE,TRADE
CSCO,GOOG,2021-03-05 10:00:15.304,167.91,120,NASDAQ,Ask
CSCO,CSCO,2021-03-05 10:00:53.683,155.8,200,NYSE,Bid
CSCO,CSCO,2021-03-05 10:00:40.506,163.88,200,NYSE,Bid
CSCO,AAPL,2021-03-05 10:00:35.837,137.46,100,NASDAQ,Bid
CSCO,CSCO,2021-03-05 10:00:25.847,167.51,200,NASDAQ,Bid
CSCO,GOOG,2021-03-05 10:00:34.135,96.11,120,NYSE,Ask
CSCO,MSFT,2021-03-05 10:00:45.681,137.71,150,NYSE,Bid
CSCO,CSCO,2021-03-05 10:00:09.690,219.99,120,NASDAQ,Ask
CSCO,GOOG,2021-03-05 10:00:51.079,198.88,200,NYSE_ARCA,Bid
CSCO,MSFT,2021-03-05 10:00:13.236,200.43,150,NASDAQ,Bid
CSCO,GOOG,2021-03-05 10:00:06.805,72.77,100,NYSE_ARCA,Bid
CSCO,GOOG,2021-03-05 10:00:58.394,110.06,150,NASDAQ,Ask
CSCO,CSCO,2021-03-05 10:00:15.469,233.12,120,NYSE_ARCA,Bid
CSCO,CSCO,2021-03-05 10:00:48.469,50.67,150,NYSE,TRADE
CSCO,AAPL,2021-03-05 10:00:54.291,172.11,150,NYSE_ARCA,TRADE
CSCO,AAPL,2021-03-05 10:00:47.440,159.57,120,NYSE_ARCA,TRADE
CSCO,AAPL,2021-03-05 10:00:04.406,75.17,120,NYSE_ARCA,Ask
CSCO,AAPL,2021-03-05 10:00:43.436,160.3,150,NYSE,Bid
CSCO,GOOG,2021-03-05 10:00:37.199,248.8,200,NASDAQ,Ask
CSCO,GOOG,2021-03-05 10:00:17.400,144.62,200,NYSE,Ask
CSCO,GOOG,2021-03-05 10:00:13.659,186.8,100,NASDAQ,Ask
CSCO,MSFT,2021-03-05 10:00:45.258,110.23,120,NYSE,Ask
CSCO,GOOG,2021-03-05 10:00:11.772,86.96,200,NYSE,Bid
CSCO,CSCO,2021-03-05 10:00:02.574,196.47,150,NASDAQ,Ask
CSCO,CSCO,2021-03-05 10:00:12.442,160.06,200,NYSE_ARCA,TRADE
CSCO,MSFT,2021-03-05 10:00:36.423,47.78,150,NASDAQ,Bid
CSCO,MSFT,2021-03-05 10:00:13.552,91.0,150,NASDAQ,Ask
CSCO,AAPL,2021-03-05 10:00:24.174,145.96,120,NYSE_ARCA,Ask
CSCO,MSFT,2021-03-05 10:00:10.214,60.91,200,NYSE,TRADE
CSCO,AAPL,2021-03-05 10:00:32.688,194.15,150,NASDAQ,TRADE
CSCO,MSFT,2021-03-05 10:00:05.852,93.7,150,NYSE,TRADE
CSCO,MSFT,2021-03-05 10:00:32.230,170.91,200,NYSE_ARCA,Ask
CSCO,MSFT,2021-03-05 10:00:44.196,128.61,200,NASDAQ,Ask
CSCO,CSCO,2021-03-05 10:00:24.796,119.81,120,NYSE,Ask
CSCO,CSCO,2021-03-05 10:00:16.153,71.95,120,NASDAQ,TRADE
CSCO,MSFT,2021-03-05 10:00:39.152,195.31,200,NYSE_ARCA,Bid
CSCO,MSFT,2021-03-05 10:00:12.470,241.98,200,NYSE,Bid
CSCO,CSCO,2021-03-05 10:00:55.551,167.72,100,NYSE,Bid
CSCO,CSCO,2021-03-05 10:00:09.161,114.81,100,NYSE_ARCA,Ask
CSCO,MSFT,2021-03-05 10:00:38.401,239.23,120,NYSE,Ask
CSCO,AAPL,2021-03-05 10:00:06.360,210.1,120,NYSE,Bid
CSCO,AAPL,2021-03-05 10:00:50.752,160.77,100,NASDAQ,TRADE
CSCO,AAPL,2021-03-05 10:00:27.302,233.75,100,NYSE_ARCA,TRADE
CSCO,AAPL,2021-03-05 10:00:54.718,234.19,120,NYSE_ARCA,Ask
CSCO,AAPL,2021-03-05 10:00:39.037,72.3,150,NYSE_ARCA,Bid
CSCO,GOOG,2021-03-05 10:00:08.318,238.29,150,NASDAQ,TRADE
CSCO,CSCO,2021-03-05 10:00:54.807,185.51,200,NYSE,TRADE
CSCO,MSFT,2021-03-05 10:00:25.848,176.82,100,NYSE,Ask
CSCO,AAPL,2021-03-05 10:00:59.429,206.86,200,NASDAQ,TRADE
CSCO,AAPL,2021-03-05 10:00:38.547,136.96,100,NASDAQ,Ask
CSCO,AAPL,2021-03-05 10:00:34.563,204.52,120,NYSE,TRADE
CSCO,GOOG,2021-03-05 10:00:39.495,243.63,150,NYSE,Ask
CSCO,MSFT,2021-03-05 10:00:45.762,228.15,150,NYSE,TRADE
CSCO,MSFT,2021-03-05 10:00:45.177,132.08,200,NYSE_ARCA,Ask
CSCO,AAPL,2021-03-05 10:00:38.975,238.62,200,NYSE_ARCA,Bid
CSCO,AAPL,2021-03-05 10:00:24.980,47.32,150,NASDAQ,Ask
CSCO,GOOG,2021-03-05 10:00:04.096,193.65,120,NYSE,TRADE
CSCO,GOOG,2021-03-05 10:00:23.569,64.62,150,NYSE,Bid
CSCO,MSFT,2021-03-05 10:00:35.051,209.46,150,NYSE,Bid
CSCO,CSCO,2021-03-05 10:00:20.051,181.63,100,NYSE,TRADE
CSCO,MSFT,2021-03-05 10:00:36.913,137.23,200,NYSE,Bid
CSCO,MSFT,2021-03-05 10:00:03.026,229.71,200,NYSE,Ask
CSCO,AAPL,2021-03-05 10:00:49.000,70.89,150,NYSE,TRADE
CSCO,MSFT,2021-03-05 10:00:27.544,156.59,150,NASDAQ,Bid
CSCO,MSFT,2021-03-05 10:00:17.455,223.09,200,NYSE,TRADE
CSCO,CSCO,2021-03-05 10:00:28.085,55.74,120,NASDAQ,Bid
CSCO,MSFT,2021-03-05 10:00:58.899,58.91,150,NYSE_ARCA,Bid
CSCO,CSCO,2021-03-05 10:00:03.342,210.34,200,NYSE,TRADE
CSCO,MSFT,2021-03-05 10:00:56.042,120.98,200,NASDAQ,Bid
CSCO,AAPL,2021-03-05 10:00:48.847,210.61,100,NYSE_ARCA,Bid
CSCO,MSFT,2021-03-05 10:00:06.233,163.43,100,NYSE_ARCA,Ask
CSCO,CSCO,2021-03-05 10:00:22.060,149.89,100,NASDAQ,Bid
CSCO,GOOG,2021-03-05 10:00:07.846,176.39,150,NYSE,Ask
CSCO,MSFT,2021-03-05 10:00:33.831,199.96,200,NYSE,Bid
CSCO,CSCO,2021-03-05 10:00:40.892,192.95,200,NASDAQ,Bid
CSCO,AAPL,2021-03-05 10:00:25.211,53.55,100,NYSE_ARCA,Bid
CSCO,CSCO,2021-03-05 10:00:17.466,204.59,200,NYSE_ARCA,Ask
CSCO,GOOG,2021-03-05 10:00:53.842,180.49,100,NYSE,Ask
CSCO,MSFT,2021-03-05 10:00:52.807,242.51,120,NYSE,Bid
CSCO,GOOG,2021-03-05 10:00:51.223,222.94,120,NYSE,TRADE
CSCO,GOOG,2021-03-05 10:00:16.045,165.7,100,NYSE,Ask
CSCO,CSCO,2021-03-05 10:00:52.344,138.72,150,NASDAQ,Bid
CSCO,CSCO,2021-03-05 10:00:26.977,168.28,150,NASDAQ,TRADE
CSCO,MSFT,2021-03-05 10:00:12.685,86.08,150,NYSE_ARCA,Bid
CSCO,CSCO,2021-03-05 10:00:59.110,133.19,150,NYSE_ARCA,Ask
CSCO,MSFT,2021-03-05 10:00:24.417,248.84,200,NASDAQ,TRADE
CSCO,CSCO,2021-03-05 10:00:33.261,243.32,120,NASDAQ,Ask
CSCO,CSCO,2021-03-05 10:00:35.837,74.92,150,NYSE,Bid
CSCO,CSCO,2021-03-05 10:00:57.910,244.6,100,NASDAQ,Bid
CSCO,AAPL,2021-03-05 10:00:40.913,148.59,200,NYSE,Ask
CSCO,MSFT,2021-03-05 10:00:43.980,174.62,120,NASDAQ,TRADE
CSCO,CSCO,2021-03-05 10:00:37.242,97.89,120,NASDAQ,Ask
CSCO,CSCO,2021-03-05 10:00:58.849,157.52,120,NYSE,Ask
CSCO,CSCO,2021-03-05 10:00:38.868,126.5,120,NYSE_ARCA,Ask
CSCO,AAPL,2021-03-05 10:00:09.964,86.94,120,NASDAQ,TRADE
CSCO,AAPL,2021-03-05 10:00:42.365,48.56,200,NYSE_ARCA,TRADE
CSCO,GOOG,2021-03-05 10:00:56.536,187.97,150,NYSE_ARCA,Bid
CSCO,MSFT,2021-03-05 10:00:40.625,190.99,100,NYSE,Ask
CSCO,MSFT,2021-03-05 10:00:52.572,60.4,200,NYSE_ARCA,Bid
CSCO,AAPL,2021-03-05 10:00:27.086,211.05,100,NASDAQ,Bid
CSCO,GOOG,2021-03-05 10:00:30.395,171.24,200,NYSE,TRADE
CSCO,AAPL,2021-03-05 10:00:46.421,146.61,150,NASDAQ,TRADE
CSCO,AAPL,2021-03-05 10:00:43.146,180.23,150,NYSE_ARCA,TRADE
CSCO,MSFT,2021-03-05 10:00:16.948,55.05,150,NYSE_ARCA,Bid
CSCO,CSCO,2021-03-05 10:00:03.444,86.0,120,NYSE_ARCA,Bid
CSCO,GOOG,2021-03-05 10:00:37.537,71.95,200,NASDAQ,TRADE
CSCO,MSFT,2021-03-05 10:00:25.395,212.35,120,NASDAQ,TRADE
CSCO,AAPL,2021-03-05 10:00:38.706,66.67,200,NYSE,Bid
CSCO,GOOG,2021-03-05 10:00:58.540,164.83,100,NYSE,TRADE
CSCO,GOOG,2021-03-05 10:00:05.067,167.59,120,NASDAQ,TRADE
CSCO,AAPL,2021-03-05 10:00:47.257,232.2,200,NYSE_ARCA,TRADE
CSCO,CSCO,2021-03-05 10:00:26.195,132.14,120,NYSE_ARCA,TRADE
CSCO,GOOG,2021-03-05 10:00:43.550,98.79,150,NYSE,Bid
CSCO,MSFT,2021-03-05 10:00:53.759,215.13,200,NYSE_ARCA,Bid
CSCO,CSCO,2021-03-05 10:00:54.051,111.03,120,NASDAQ,TRADE
CSCO,MSFT,2021-03-05 10:00:58.527,168.51,100,NASDAQ,Bid
CSCO,AAPL,2021-03-05 10:00:36.880,145.86,120,NASDAQ,TRADE
CSCO,MSFT,2021-03-05 10:00:39.704,174.98,200,NYSE_ARCA,TRADE
CSCO,GOOG,2021-03-05 10:00:57.859,213.54,150,NYSE_ARCA,Bid
CSCO,GOOG,2021-03-05 10:00:26.157,145.39,120,NYSE,Ask
CSCO,CSCO,2021-03-05 10:00:48.770,181.19,120,NYSE,TRADE
CSCO,MSFT,2021-03-05 10:00:07.249,240.5,150,NYSE_ARCA,TRADE
CSCO,CSCO,2021-03-05 10:00:10.788,165.31,100,NYSE,Bid
CSCO,AAPL,2021-03-05 10:00:16.360,222.74,150,NYSE,Bid
CSCO,AAPL,2021-03-05 10:00:56.110,240.45,120,NASDAQ,Bid
CSCO,AAPL,2021-03-05 10:00:29.513,78.37,100,NASDAQ,Bid
CSCO,AAPL,2021-03-05 10:00:19.151,183.77,100,NASDAQ,Ask
CSCO,CSCO,2021-03-05 10:00:45.071,63.47,120,NYSE,Ask
CSCO,CSCO,2021-03-05 10:00:57.391,116.71,100,NYSE_ARCA,Bid
CSCO,CSCO,2021-03-05 10:00:37.412,156.48,100,NYSE_ARCA,Bid
CSCO,GOOG,2021-03-05 10:00:57.142,211.73,100,NASDAQ,TRADE
CSCO,AAPL,2021-03-05 10:00:29.753,46.51,150,NYSE,TRADE
CSCO,GOOG,2021-03-05 10:00:24.154,205.0,100,NYSE_ARCA,Ask
CSCO,GOOG,2021-03-05 10:00:28.424,146.61,120,NYSE,Ask
CSCO,MSFT,2021-03-05 10:00:32.919,108.81,200,NASDAQ,TRADE
CSCO,MSFT,2021-03-05 10:00:22.462,247.27,150,NYSE,Bid
CSCO,AAPL,2021-03-05 10:00:58.083,72.75,100,NYSE,Ask
CSCO,CSCO,2021-03-05 10:00:03.979,221.58,200,NASDAQ,TRADE
CSCO,MSFT,2021-03-05 10:00:58.109,128.67,120,NASDAQ,Ask
CSCO,GOOG,2021-03-05 10:00:24.913,47.98,150,NASDAQ,Bid
CSCO,AAPL,2021-03-05 10:00:41.158,108.52,100,NASDAQ,Bid
CSCO,GOOG,2021-03-05 10:00:50.243,231.05,150,NYSE_ARCA,Ask
CSCO,GOOG,2021-03-05 10:00:14.170,57.02,120,NYSE,TRADE
CSCO,AAPL,2021-03-05 10:00:23.446,198.87,200,NYSE,TRADE
CSCO,AAPL,2021-03-05 10:00:28.623,140.51,120,NASDAQ,Ask
CSCO,GOOG,2021-03-05 10:00:34.177,84.99,150,NYSE_ARCA,Ask
CSCO,AAPL,2021-03-05 10:00:22.311,104.39,200,NASDAQ,Bid
CSCO,GOOG,2021-03-05 10:00:39.592,122.35,200,NYSE,Ask
CSCO,MSFT,2021-03-05 10:00:48.156,60.01,120,NYSE,Bid
CSCO,MSFT,2021-03-05 10:00:24.600,244.7,120,NYSE,Bid
CSCO,CSCO,2021-03-05 10:00:32.455,165.04,120,NASDAQ,Ask
CSCO,AAPL,2021-03-05 10:00:11.501,217.52,150,NASDAQ,TRADE
CSCO,CSCO,2021-03-05 10:00:11.471,207.04,120,NYSE,Ask
CSCO,CSCO,2021-03-05 10:00:11.949,152.42,100,NASDAQ,Bid
CSCO,MSFT,2021-03-05 10:00:08.379,71.61,150,NYSE,Bid
CSCO,GOOG,2021-03-05 10:00:01.234,134.85,120,NYSE,Ask
CSCO,GOOG,2021-03-05 10:00:10.593,137.67,150,NYSE_ARCA,TRADE
CSCO,CSCO,2021-03-05 10:00:46.131,95.33,100,NYSE_ARCA,TRADE
CSCO,AAPL,2021-03-05 10:00:54.666,141.86,200,NYSE,TRADE
CSCO,MSFT,2021-03-05 10:00:02.282,191.83,200,NASDAQ,Bid
CSCO,MSFT,2021-03-05 10:00:48.292,116.82,120,NASDAQ,TRADE
CSCO,CSCO,2021-03-05 10:00:47.961,190.84,150,NYSE_ARCA,Bid
CSCO,MSFT,2021-03-05 10:00:22.178,135.61,120,NYSE,TRADE
CSCO,AAPL,2021-03-05 10:00:00.789,220.11,120,NASDAQ,Ask
CSCO,GOOG,2021-03-05 10:00:01.685,75.64,200,NASDAQ,Bid
CSCO,CSCO,2021-03-05 10:00:07.138,172.65,100,NYSE,TRADE
CSCO,GOOG,2021-03-05 10:00:30.858,203.03,100,NYSE,Ask
CSCO,CSCO,2021-03-05 10:00:50.981,53.94,200,NYSE_ARCA,Ask
CSCO,GOOG,2021-03-05 10:00:52.283,63.84,120,NYSE,TRADE
CSCO,MSFT,2021-03-05 10:00:29.846,205.83,120,NYSE_ARCA,TRADE
CSCO,MSFT,2021-03-05 10:00:20.910,175.09,150,NYSE_ARCA,Ask
CSCO,AAPL,2021-03-05 10:00:31.871,225.83,100,NYSE,TRADE
CSCO,MSFT,2021-03-05 10:00:47.789,201.06,100,NYSE_ARCA,Ask
CSCO,GOOG,2021-03-05 10:00:44.708,223.05,120,NYSE,TRADE
CSCO,GOOG,2021-03-05 10:00:11.575,109.27,200,NASDAQ,Ask
CSCO,CSCO,2021-03-05 10:00:23.062,152.69,100,NASDAQ,Ask
CSCO,MSFT,2021-03-05 10:00:49.292,119.91,200,NYSE_ARCA,Bid
CSCO,MSFT,2021-03-05 10:00:10.631,46.3,150,NASDAQ,Bid
CSCO,AAPL,2021-03-05 10:00:25.773,81.2,200,NASDAQ,Ask
CSCO,MSFT,2021-03-05 10:00:28.812,46.84,100,NYSE,Ask
CSCO,AAPL,2021-03-05 10:00:06.762,121.55,200,NYSE,Bid
CSCO,MSFT,2021-03-05 10:00:12.541,107.0,150,NYSE_ARCA,Ask
CSCO,AAPL,2021-03-05 10:00:42.237,234.53,120,NASDAQ,Ask
CSCO,AAPL,2021-03-05 10:00:16.890,215.81,120,NYSE_ARCA,TRADE
CSCO,MSFT,2021-03-05 10:00:49.994,184.65,200,NYSE,Ask
CSCO,MSFT,2021-03-05 10:00:54.899,208.48,150,NYSE,Bid
CSCO,AAPL,2021-03-05 10:00:55.451,170.37,150,NYSE,TRADE
CSCO,CSCO,2021-03-05 10:00:58.466,62.69,100,NYSE_ARCA,Ask
CSCO,CSCO,2021-03-05 10:00:16.605,235.68,120,NYSE,Bid
CSCO,MSFT,2021-03-05 10:00:05.193,214.26,100,NYSE,Ask
CSCO,CSCO,2021-03-05 10:00:01.693,190.87,120,NYSE_ARCA,Bid
CSCO,AAPL,2021-03-05 10:00:16.932,164.39,150,NYSE,TRADE
CSCO,GOOG,2021-03-05 10:00:42.991,172.21,100,NASDAQ,TRADE
CSCO,AAPL,2021-03-05 10:00:09.843,167.19,150,NYSE_ARCA,Bid
CSCO,GOOG,2021-03-05 10:00:15.785,62.2,120,NYSE_ARCA,TRADE
CSCO,GOOG,2021-03-05 10:00:00.942,148.9,120,NYSE,Bid
CSCO,AAPL,2021-03-05 10:00:31.864,142.08,200,NYSE_ARCA,TRADE
CSCO,GOOG,2021-03-05 10:00:56.381,105.31,100,NASDAQ,Ask
CSCO,AAPL,2021-03-05 10:00:31.699,170.32,150,NYSE_ARCA,Bid
CSCO,MSFT,2021-03-05 10:00:46.678,241.75,120,NASDAQ,TRADE
CSCO,MSFT,2021-03-05 10:00:52.206,116.75,100,NYSE,TRADE
CSCO,CSCO,2021-03-05 10:00:15.248,52.04,200,NASDAQ,Bid
CSCO,CSCO,2021-03-05 10:00:31.192,199.41,100,NYSE,Ask
CSCO,AAPL,2021-03-05 10:00:11.261,114.7,200,NYSE_ARCA,Bid
CSCO,AAPL,2021-03-05 10:00:32.482,122.45,120,NASDAQ,Bid
CSCO,GOOG,2021-03-05 10:00:00.698,55.37,150,NYSE_ARCA,Ask
CSCO,AAPL,2021-03-05 10:00:32.167,204.32,120,NYSE_ARCA,Bid
CSCO,GOOG,2021-03-05 10:00:09.934,180.91,150,NYSE,Ask
CSCO,CSCO,2021-03-05 10:00:23.615,187.97,100,NASDAQ,Bid
CSCO,MSFT,2021-03-05 10:00:24.764,129.44,150,NASDAQ,Bid
CSCO,GOOG,2021-03-05 10:00:11.675,103.69,120,NYSE_ARCA,Ask
CSCO,GOOG,2021-03-05 10:00:39.505,186.66,100,NYSE,TRADE
CSCO,CSCO,2021-03-05 10:00:43.871,67.7,120,NYSE,Ask
CSCO,GOOG,2021-03-05 10:00:57.075,70.42,150,NASDAQ,TRADE
CSCO,MSFT,2021-03-05 10:00:01.507,143.72,120,NYSE_ARCA,Bid
CSCO,MSFT,2021-03-05 10:00:39.809,95.02,100,NASDAQ,TRADE
CSCO,CSCO,2021-03-05 10:00:42.428,191.6,150,NYSE,TRADE
CSCO,CSCO,2021-03-05 10:00:58.022,152.55,200,NYSE_ARCA,TRADE
CSCO,MSFT,2021-03-05 10:00:06.201,90.67,200,NASDAQ,Ask
CSCO,CSCO,2021-03-05 10:00:50.160,230.09,150,NASDAQ,TRADE
CSCO,CSCO,2021-03-05 10:00:16.894,77.65,200,NASDAQ,TRADE
CSCO,MSFT,2021-03-05 10:00:18.868,196.92,200,NYSE,TRADE
CSCO,CSCO,2021-03-05 10:00:30.574,79.6,200,NASDAQ,Ask
CSCO,CSCO,2021-03-05 10:00:52.350,170.13,120,NYSE,Bid
CSCO,AAPL,2021-03-05 10:00:17.419,111.36,100,NASDAQ,Bid
CSCO,CSCO,2021-03-05 10:00:11.831,89.56,150,NASDAQ,Ask
CSCO,GOOG,2021-03-05 10:00:18.311,128.2,150,NYSE_ARCA,TRADE
CSCO,GOOG,2021-03-05 10:00:49.549,58.28,150,NASDAQ,Ask
CSCO,MSFT,2021-03-05 10:00:59.664,249.88,120,NASDAQ,Ask
CSCO,MSFT,2021-03-05 10:00:04.047,64.77,200,NYSE_ARCA,Ask
CSCO,AAPL,2021-03-05 10:00:30.513,86.22,100,NYSE,TRADE
CSCO,MSFT,2021-03-05 10:00:37.870,53.02,120,NASDAQ,TRADE
CSCO,AAPL,2021-03-05 10:00:26.694,235.32,100,NYSE_ARCA,Ask
CSCO,MSFT,2021-03-05 10:00:47.414,165.76,200,NYSE,TRADE
CSCO,GOOG,2021-03-05 10:00:36.811,134.88,200,NASDAQ,Ask
CSCO,AAPL,2021-03-05 10:00:01.752,207.78,120,NYSE,Bid
CSCO,CSCO,2021-03-05 10:00:01.637,207.78,150,NYSE,Bid
CSCO,MSFT,2021-03-05 10:00:32.431,45.78,100,NYSE,Ask
CSCO,MSFT,2021-03-05 10:00:56.301,217.58,200,NYSE_ARCA,Ask
CSCO,MSFT,2021-03-05 10:00:13.528,59.3,120,NASDAQ,Ask
CSCO,AAPL,2021-03-05 10:00:45.235,179.73,200,NYSE,TRADE
CSCO,AAPL,2021-03-05 10:00:48.210,95.41,150,NYSE,Ask
CSCO,MSFT,2021-03-05 10:00:49.015,203.32,200,NYSE_ARCA,TRADE
CSCO,CSCO,2021-03-05 10:00:26.457,196.2,100,NASDAQ,Bid
CSCO,GOOG,2021-03-05 10:00:00.270,179.45,100,NYSE,TRADE
CSCO,CSCO,2021-03-05 10:00:39.270,60.98,100,NYSE,Bid
CSCO,GOOG,2021-03-05 10:00:49.449,128.71,100,NYSE,Ask
CSCO,CSCO,2021-03-05 10:00:13.857,152.6,100,NYSE_ARCA,Bid
CSCO,AAPL,2021-03-05 10:00:13.856,209.2,120,NASDAQ,Bid
CSCO,AAPL,2021-03-05 10:00:55.720,174.32,150,NYSE,TRADE
CSCO,CSCO,2021-03-05 10:00:24.090,151.64,100,NYSE_ARCA,Bid
CSCO,CSCO,2021-03-05 10:00:26.293,172.33,150,NYSE,Bid
CSCO,GOOG,2021-03-05 10:00:39.952,233.86,200,NYSE,Ask
CSCO,GOOG,2021-03-05 10:00:56.088,76.63,150,NYSE_ARCA,TRADE
CSCO,AAPL,2021-03-05 10:00:02.799,176.17,100,NYSE,TRADE
CSCO,CSCO,2021-03-05 10:00:51.282,175.97,150,NYSE_ARCA,TRADE
CSCO,AAPL,2021-03-05 10:00:13.400,64.72,100,NYSE_ARCA,Bid
CSCO,AAPL,2021-03-05 10:00:38.324,108.08,120,NYSE_ARCA,TRADE
CSCO,GOOG,2021-03-05 10:00:29.324,193.87,150,NYSE_ARCA,Ask
CSCO,MSFT,2021-03-05 10:00:38.968,157.09,120,NYSE_ARCA,Ask
CSCO,MSFT,2021-03-05 10:00:23.334,160.16,200,NYSE,TRADE
CSCO,CSCO,2021-03-05 10:00:09.482,193.97,100,NASDAQ,Ask
CSCO,AAPL,2021-03-05 10:00:32.593,120.6,120,NASDAQ,Bid
CSCO,MSFT,2021-03-05 10:00:37.087,121.3,150,NYSE,Ask
CSCO,CSCO,2021-03-05 10:00:11.005,237.78,100,NASDAQ,Ask
CSCO,AAPL,2021-03-05 10:00:39.766,220.63,150,NASDAQ,Bid
CSCO,AAPL,2021-03-05 10:00:02.035,52.32,120,NYSE_ARCA,Bid
CSCO,MSFT,2021-03-05 10:00:21.295,120.66,100,NYSE,Bid
CSCO,CSCO,2021-03-05 10:00:35.325,68.29,200,NYSE_ARCA,Ask
CSCO,CSCO,2021-03-05 10:00:59.424,168.29,200,NYSE,Ask
CSCO,MSFT,2021-03-05 10:00:35.549,240.51,120,NYSE,TRADE
CSCO,GOOG,2021-03-05 10:00:29.745,139.05,200,NASDAQ,Ask
CSCO,AAPL,2021-03-05 10:00:33.932,140.59,120,NYSE,TRADE
CSCO,AAPL,2021-03-05 10:00:21.906,188.2,200,NASDAQ,Ask
CSCO,GOOG,2021-03-05 10:00:40.940,96.13,200,NYSE,Ask
CSCO,MSFT,2021-03-05 10:00:54.640,143.9,150,NASDAQ,TRADE
CSCO,GOOG,2021-03-05 10:00:57.896,149.68,150,NASDAQ,Ask
CSCO,AAPL,2021-03-05 10:00:49.985,234.75,100,NASDAQ,Bid
CSCO,GOOG,2021-03-05 10:00:23.399,79.86,150,NYSE,Bid
CSCO,GOOG,2021-03-05 10:00:19.129,150.12,100,NASDAQ,TRADE
CSCO,MSFT,2021-03-05 10:00:37.769,177.74,200,NYSE_ARCA,Bid
CSCO,MSFT,2021-03-05 10:00:20.458,112.83,150,NYSE_ARCA,Ask
CSCO,CSCO,2021-03-05 10:00:34.401,151.01,150,NYSE,Ask
CSCO,MSFT,2021-03-05 10:00:40.165,226.16,200,NYSE,Ask
CSCO,AAPL,2021-03-05 10:00:37.377,106.62,100,NYSE_ARCA,Bid
CSCO,CSCO,2021-03-05 10:00:35.230,51.74,100,NYSE_ARCA,TRADE
CSCO,CSCO,2021-03-05 10:00:06.760,128.19,100,NYSE,Bid
CSCO,GOOG,2021-03-05 10:00:52.816,144.37,150,NYSE,TRADE
CSCO,GOOG,2021-03-05 10:00:55.342,90.79,200,NYSE,Ask
CSCO,AAPL,2021-03-05 10:00:01.760,249.25,200,NYSE,Ask
CSCO,MSFT,2021-03-05 10:00:53.520,103.67,200,NYSE,Ask
CSCO,CSCO,2021-03-05 10:00:05.711,181.01,200,NASDAQ,Ask
CSCO,MSFT,2021-03-05 10:00:26.979,199.05,100,NYSE,TRADE
CSCO,GOOG,2021-03-05 10:00:05.982,140.76,150,NYSE,Ask
CSCO,GOOG,2021-03-05 10:00:19.686,229.17,120,NASDAQ,Bid
CSCO,CSCO,2021-03-05 10:00:18.627,91.17,150,NYSE_ARCA,TRADE
CSCO,MSFT,2021-03-05 10:00:55.744,157.17,200,NYSE_ARCA,TRADE
CSCO,MSFT,2021-03-05 10:00:29.009,140.44,100,NYSE_ARCA,Ask
CSCO,MSFT,2021-03-05 10:00:54.371,57.51,100,NYSE,Ask
CSCO,GOOG,2021-03-05 10:00:03.440,135.29,150,NASDAQ,Ask
CSCO,CSCO,2021-03-05 10:00:34.287,141.26,200,NYSE_ARCA,TRADE
CSCO,GOOG,2021-03-05 10:00:26.961,171.04,200,NYSE,Bid
CSCO,GOOG,2021-03-05 10:00:54.213,176.04,150,NYSE_ARCA,Ask
CSCO,MSFT,2021-03-05 10:00:43.964,163.45,120,NASDAQ,TRADE
CSCO,AAPL,2021-03-05 10:00:32.432,242.33,150,NYSE_ARCA,TRADE
CSCO,AAPL,2021-03-05 10:00:14.432,167.5,100,NASDAQ,Ask
CSCO,MSFT,2021-03-05 10:00:19.479,59.85,150,NYSE_ARCA,Ask
CSCO,MSFT,2021-03-05 10:00:28.850,65.25,200,NYSE_ARCA,TRADE
CSCO,AAPL,2021-03-05 10:00:32.152,171.76,100,NYSE_ARCA,Ask
CSCO,AAPL,2021-03-05 10:00:01.178,138.99,200,NYSE_ARCA,Ask
CSCO,CSCO,2021-03-05 10:00:08.865,51.64,100,NYSE_ARCA,Ask
CSCO,MSFT,2021-03-05 10:00:33.668,94.26,150,NYSE,Ask
CSCO,GOOG,2021-03-05 10:00:42.317,209.73,120,NYSE,Ask
CSCO,AAPL,2021-03-05 10:00:29.383,74.23,200,NASDAQ,TRADE
CSCO,CSCO,2021-03-05 10:00:08.074,229.37,100,NASDAQ,Bid
CSCO,AAPL,2021-03-05 10:00:57.217,133.0,200,NYSE,Bid
CSCO,MSFT,2021-03-05 10:00:30.603,52.42,150,NASDAQ,Ask
CSCO,GOOG,2021-03-05 10:00:49.883,98.1,120,NASDAQ,Ask
CSCO,CSCO,2021-03-05 10:00:56.369,204.2,150,NYSE_ARCA,Bid
CSCO,CSCO,2021-03-05 10:00:46.160,97.98,100,NYSE,TRADE
CSCO,CSCO,2021-03-05 10:00:14.419,192.36,100,NASDAQ,Bid
CSCO,AAPL,2021-03-05 10:00:16.375,121.73,200,NYSE_ARCA,Bid
CSCO,CSCO,2021-03-05 10:00:37.140,205.61,100,NYSE,Ask
CSCO,MSFT,2021-03-05 10:00:42.478,159.38,200,NYSE_ARCA,TRADE
CSCO,AAPL,2021-03-05 10:00:37.760,136.14,100,NASDAQ,Ask
CSCO,CSCO,2021-03-05 10:00:58.859,160.66,150,NASDAQ,TRADE
CSCO,AAPL,2021-03-05 10:00:27.289,228.45,150,NYSE_ARCA,TRADE
CSCO,AAPL,2021-03-05 10:00:17.704,174.27,150,NYSE,TRADE
CSCO,CSCO,2021-03-05 10:00:43.514,97.04,150,NYSE,Ask
CSCO,AAPL,2021-03-05 10:00:43.656,196.61,150,NASDAQ,TRADE
CSCO,CSCO,2021-03-05 10:00:58.821,116.34,100,NYSE,Bid
CSCO,AAPL,2021-03-05 10:00:55.057,116.86,100,NYSE_ARCA,Bid
CSCO,AAPL,2021-03-05 10:00:25.688,121.65,100,NYSE_ARCA,Bid
CSCO,MSFT,2021-03-05 10:00:19.495,106.04,120,NASDAQ,Ask
CSCO,MSFT,2021-03-05 10:00:26.578,245.93,120,NYSE,Ask
CSCO,CSCO,2021-03-05 10:00:59.251,211.79,120,NYSE_ARCA,Bid
CSCO,AAPL,2021-03-05 10:00:02.284,242.52,100,NYSE,Ask
CSCO,MSFT,2021-03-05 10:00:16.139,219.2,120,NYSE,Ask
CSCO,GOOG,2021-03-05 10:00:27.672,215.84,120,NASDAQ,Ask
CSCO,MSFT,2021-03-05 10:00:22.371,146.3,150,NYSE_ARCA,Ask
CSCO,AAPL,2021-03-05 10:00:53.918,135.18,120,NYSE,TRADE
CSCO,CSCO,2021-03-05 10:00:30.002,89.56,200,NASDAQ,Ask
CSCO,CSCO,2021-03-05 10:00:53.316,220.98,100,NYSE_ARCA,Bid
CSCO,AAPL,2021-03-05 10:00:02.267,238.58,100,NYSE,TRADE
CSCO,MSFT,2021-03-05 10:00:08.027,202.94,200,NYSE,Bid
CSCO,CSCO,2021-03-05 10:00:49.784,143.83,200,NYSE,Bid
CSCO,GOOG,2021-03-05 10:00:27.383,244.1,150,NYSE,Ask
CSCO,AAPL,2021-03-05 10:00:48.475,239.13,200,NYSE_ARCA,Ask
CSCO,AAPL,2021-03-05 10:00:17.378,148.41,200,NASDAQ,Ask
CSCO,AAPL,2021-03-05 10:00:56.482,68.25,120,NYSE,TRADE
CSCO,GOOG,2021-03-05 10:00:30.686,62.48,120,NYSE,TRADE
CSCO,MSFT,2021-03-05 10:00:51.022,111.36,200,NYSE_ARCA,Ask
CSCO,GOOG,2021-03-05 10:00:09.281,177.52,200,NASDAQ,Bid
CSCO,AAPL,2021-03-05 10:00:43.876,203.41,120,NYSE_ARCA,TRADE
CSCO,AAPL,2021-03-05 10:00:58.632,231.25,200,NASDAQ,Ask
CSCO,AAPL,2021-03-05 10:00:51.515,150.01,150,NYSE,Bid
CSCO,MSFT,2021-03-05 10:00:20.831,46.02,150,NYSE,TRADE
CSCO,AAPL,2021-03-05 10:00:02.508,225.03,100,NASDAQ,Bid
CSCO,CSCO,2021-03-05 10:00:12.516,219.75,120,NYSE_ARCA,Ask
CSCO,GOOG,2021-03-05 10:00:55.080,133.99,120,NYSE,Ask
CSCO,AAPL,2021-03-05 10:00:26.478,205.31,200,NYSE,Bid
CSCO,GOOG,2021-03-05 10:00:24.135,102.42,150,NYSE,Bid
CSCO,GOOG,2021-03-05 10:00:03.247,87.5,100,NASDAQ,TRADE
CSCO,CSCO,2021-03-05 10:00:48.938,177.57,150,NYSE_ARCA,Bid
CSCO,GOOG,2021-03-05 10:00:25.218,227.56,120,NYSE_ARCA,Ask
CSCO,AAPL,2021-03-05 10:00:08.399,216.03,120,NYSE_ARCA,Bid
CSCO,CSCO,2021-03-05 10:00:06.021,58.84,150,NASDAQ,TRADE
CSCO,CSCO,2021-03-05 10:00:27.118,130.9,120,NYSE_ARCA,TRADE
CSCO,MSFT,2021-03-05 10:00:29.011,148.54,150,NYSE_ARCA,TRADE
CSCO,MSFT,2021-03-05 10:00:23.865,65.73,200,NASDAQ,Ask
CSCO,CSCO,2021-03-05 10:00:47.192,137.37,200,NYSE_ARCA,TRADE
CSCO,GOOG,2021-03-05 10:00:16.874,97.53,120,NYSE_ARCA,Ask
CSCO,AAPL,2021-03-05 10:00:56.117,221.55,200,NASDAQ,TRADE
CSCO,MSFT,2021-03-05 10:00:22.384,59.21,120,NYSE_ARCA,TRADE
CSCO,CSCO,2021-03-05 10:00:30.187,161.05,120,NYSE_ARCA,Ask
CSCO,GOOG,2021-03-05 10:00:46.115,214.95,200,NASDAQ,Bid
CSCO,AAPL,2021-03-05 10:00:27.317,189.95,150,NYSE,TRADE
CSCO,CSCO,2021-03-05 10:00:31.689,140.79,200,NASDAQ,TRADE
CSCO,CSCO,2021-03-05 10:00:25.472,52.06,100,NASDAQ,Ask
CSCO,AAPL,2021-03-05 10:00:34.064,218.52,200,NYSE,Bid
CSCO,GOOG,2021-03-05 10:00:17.864,236.6,120,NYSE_ARCA,Ask
CSCO,MSFT,2021-03-05 10:00:23.572,242.46,120,NYSE,Ask
CSCO,MSFT,2021-03-05 10:00:32.300,168.97,100,NASDAQ,TRADE
CSCO,CSCO,2021-03-05 10:00:02.321,115.57,200,NYSE_ARCA,Ask
CSCO,MSFT,2021-03-05 10:00:45.637,226.11,120,NYSE_ARCA,TRADE
CSCO,CSCO,2021-03-05 10:00:55.806,235.25,200,NYSE_ARCA,Bid
CSCO,MSFT,2021-03-05 10:00:10.006,65.45,200,NASDAQ,TRADE
CSCO,AAPL,2021-03-05 10:00:34.043,121.83,150,NYSE_ARCA,TRADE
CSCO,GOOG,2021-03-05 10:00:47.626,153.37,150,NYSE_ARCA,TRADE
CSCO,AAPL,2021-03-05 10:00:16.044,98.05,120,NASDAQ,Ask
CSCO,MSFT,2021-03-05 10:00:46.201,231.72,200,NYSE_ARCA,Bid
CSCO,AAPL,2021-03-05 10:00:41.314,146.13,150,NYSE,Ask
CSCO,CSCO,2021-03-05 10:00:01.253,68.49,150,NASDAQ,Ask
CSCO,MSFT,2021-03-05 10:00:42.411,115.47,150,NYSE,Ask
CSCO,CSCO,2021-03-05 10:00:36.392,217.51,150,NYSE,TRADE
CSCO,CSCO,2021-03-05 10:00:26.655,94.11,100,NASDAQ,Ask
CSCO,MSFT,2021-03-05 10:00:48.049,132.16,100,NYSE,TRADE
CSCO,GOOG,2021-03-05 10:00:04.095,161.05,100,NYSE_ARCA,Ask
CSCO,GOOG,2021-03-05 10:00:01.503,152.36,200,NYSE,Bid
CSCO,AAPL,2021-03-05 10:00:43.412,209.32,120,NYSE_ARCA,TRADE
CSCO,GOOG,2021-03-05 10:00:53.458,114.87,100,NYSE_ARCA,TRADE
CSCO,MSFT,2021-03-05 10:00:57.730,158.57,150,NYSE,Ask
CSCO,MSFT,2021-03-05 10:00:01.211,187.84,100,NASDAQ,Ask
CSCO,GOOG,2021-03-05 10:00:50.907,137.46,120,NYSE,Bid
CSCO,MSFT,2021-03-05 10:00:44.368,161.91,200,NYSE_ARCA,Ask
CSCO,GOOG,2021-03-05 10:00:11.477,117.29,100,NYSE_ARCA,Bid
CSCO,GOOG,2021-03-05 10:00:44.540,221.18,120,NYSE,Bid
CSCO,MSFT,2021-03-05 10:00:04.244,80.43,120,NASDAQ,Ask
CSCO,AAPL,2021-03-05 10:00:09.250,48.68,200,NYSE_ARCA,TRADE
CSCO,MSFT,2021-03-05 10:00:24.450,248.67,100,NASDAQ,Ask
CSCO,AAPL,2021-03-05 10:00:22.732,90.19,100,NYSE,Bid
CSCO,MSFT,2021-03-05 10:00:28.813,155.44,150,NYSE,Ask
CSCO,GOOG,2021-03-05 10:00:03.629,107.47,150,NYSE_ARCA,Bid
CSCO,CSCO,2021-03-05 10:00:06.034,198.6,200,NYSE,TRADE
CSCO,GOOG,2021-03-05 10:00:54.637,139.42,150,NYSE_ARCA,Bid
CSCO,CSCO,2021-03-05 10:00:22.513,205.18,150,NYSE_ARCA,TRADE
CSCO,GOOG,2021-03-05 10:00:30.419,178.67,120,NYSE,TRADE
CSCO,GOOG,2021-03-05 10:00:31.974,180.98,100,NYSE,Ask
CSCO,MSFT,2021-03-05 10:00:50.473,86.96,150,NYSE_ARCA,TRADE
CSCO,CSCO,2021-03-05 10:00:41.508,78.37,100,NASDAQ,Ask
CSCO,GOOG,2021-03-05 10:00:21.435,214.04,150,NYSE_ARCA,Bid
CSCO,CSCO,2021-03-05 10:00:42.245,227.99,150,NASDAQ,Bid
CSCO,MSFT,2021-03-05 10:00:55.142,196.16,150,NYSE_ARCA,TRADE
CSCO,MSFT,2021-03-05 10:00:37.534,142.84,100,NYSE_ARCA,Bid
CSCO,CSCO,2021-03-05 10:00:25.513,141.07,120,NYSE,TRADE
CSCO,CSCO,2021-03-05 10:00:58.117,69.5,100,NYSE,Bid
CSCO,MSFT,2021-03-05 10:00:47.126,191.08,150,NASDAQ,Bid
CSCO,CSCO,2021-03-05 10:00:12.295,176.91,100,NYSE_ARCA,Bid
CSCO,MSFT,2021-03-05 10:00:25.620,54.76,150,NASDAQ,Bid
CSCO,MSFT,2021-03-05 10:00:52.783,77.67,200,NYSE,Ask
CSCO,CSCO,2021-03-05 10:00:20.577,68.73,120,NYSE_ARCA,Bid
CSCO,CSCO,2021-03-05 10:00:36.716,50.16,200,NASDAQ,TRADE
CSCO,GOOG,2021-03-05 10:00:08.344,47.37,100,NASDAQ,Bid
CSCO,MSFT,2021-03-05 10:00:58.008,73.76,120,NYSE,TRADE
CSCO,GOOG,2021-03-05 10:00:50.617,160.89,120,NYSE_ARCA,Bid
CSCO,AAPL,2021-03-05 10:00:18.127,85.89,100,NASDAQ,Ask
CSCO,CSCO,2021-03-05 10:00:39.946,128.48,100,NYSE_ARCA,TRADE
CSCO,CSCO,2021-03-05 10:00:27.968,80.27,200,NYSE,Ask
CSCO,AAPL,2021-03-05 10:00:56.187,167.52,150,NYSE,Bid
CSCO,CSCO,2021-03-05 10:00:01.341,245.5,100,NYSE_ARCA,TRADE
CSCO,AAPL,2021-03-05 10:00:26.842,249.99,100,NYSE_ARCA,Ask
CSCO,MSFT,2021-03-05 10:00:03.176,70.45,100,NASDAQ,Ask
CSCO,AAPL,2021-03-05 10:00:37.220,119.15,150,NYSE_ARCA,Bid
CSCO,MSFT,2021-03-05 10:00:50.177,67.19,200,NYSE_ARCA,Bid
CSCO,CSCO,2021-03-05 10:00:58.301,215.29,100,NYSE_ARCA,Ask
CSCO,AAPL,2021-03-05 10:00:07.500,97.35,200,NYSE_ARCA,Bid
CSCO,GOOG,2021-03-05 10:00:10.802,77.21,200,NASDAQ,TRADE
CSCO,CSCO,2021-03-05 10:00:12.602,211.86,120,NASDAQ,Bid
CSCO,AAPL,2021-03-05 10:00:04.296,98.41,200,NYSE_ARCA,Bid
CSCO,CSCO,2021-03-05 10:00:23.091,156.79,100,NYSE,TRADE
CSCO,GOOG,2021-03-05 10:00:20.975,234.73,100,NASDAQ,Bid
CSCO,AAPL,2021-03-05 10:00:17.141,153.93,100,NASDAQ,TRADE
CSCO,GOOG,2021-03-05 10:00:29.356,170.65,120,NASDAQ,TRADE
CSCO,CSCO,2021-03-05 10:00:06.577,158.04,100,NYSE,TRADE
CSCO,CSCO,2021-03-05 10:00:17.404,204.74,120,NYSE_ARCA,TRADE
CSCO,CSCO,2021-03-05 10:00:56.599,157.58,200,NYSE,Ask
CSCO,GOOG,2021-03-05 10:00:20.547,200.22,150,NYSE,Bid
CSCO,CSCO,2021-03-05 10:00:15.913,207.68,200,NYSE_ARCA,Ask
CSCO,MSFT,2021-03-05 10:00:23.567,93.72,200,NYSE,TRADE
CSCO,CSCO,2021-03-05 10:00:08.736,181.98,150,NYSE_ARCA,TRADE
CSCO,MSFT,2021-03-05 10:00:33.160,101.85,120,NASDAQ,TRADE
CSCO,MSFT,2021-03-05 10:00:51.296,110.15,150,NYSE_ARCA,Bid
CSCO,GOOG,2021-03-05 10:00:51.498,154.85,150,NYSE_ARCA,Ask
CSCO,GOOG,2021-03-05 10:00:09.323,57.23,200,NASDAQ,Ask
CSCO,AAPL,2021-03-05 10:00:46.108,187.73,200,NYSE,Ask
CSCO,MSFT,2021-03-05 10:00:08.180,206.51,200,NYSE,Bid
CSCO,CSCO,2021-03-05 10:00:05.935,177.3,100,NYSE_ARCA,Bid
CSCO,MSFT,2021-03-05 10:00:45.385,85.12,120,NYSE_ARCA,TRADE
CSCO,MSFT,2021-03-05 10:00:50.278,74.23,150,NASDAQ,TRADE
CSCO,GOOG,2021-03-05 10:00:32.813,172.18,100,NYSE,Bid
CSCO,AAPL,2021-03-05 10:00:03.611,226.45,120,NYSE_ARCA,Ask
CSCO,MSFT,2021-03-05 10:00:07.689,138.98,100,NASDAQ,Bid
CSCO,MSFT,2021-03-05 10:00:15.796,235.19,100,NASDAQ,Ask
CSCO,CSCO,2021-03-05 10:00:03.515,221.31,120,NYSE,Ask
CSCO,MSFT,2021-03-05 10:00:24.841,241.6,100,NYSE_ARCA,Ask
CSCO,MSFT,2021-03-05 10:00:34.909,154.23,120,NYSE,Bid
CSCO,CSCO,2021-03-05 10:00:03.774,69.09,120,NASDAQ,Bid
CSCO,GOOG,2021-03-05 10:00:24.133,152.76,120,NYSE,Ask
CSCO,GOOG,2021-03-05 10:00:09.250,147.5,100,NASDAQ,Bid
CSCO,CSCO,2021-03-05 10:00:50.467,130.5,150,NYSE_ARCA,Bid
CSCO,AAPL,2021-03-05 10:00:34.823,157.85,150,NASDAQ,Bid
CSCO,CSCO,2021-03-05 10:00:00.865,144.48,120,NASDAQ,TRADE
CSCO,CSCO,2021-03-05 10:00:47.728,192.01,200,NASDAQ,Bid
CSCO,MSFT,2021-03-05 10:00:35.311,125.11,150,NYSE_ARCA,TRADE
